@article{M93,
 author = {S. Meiser},
 journal = {Information and Computation},
 number = {2},
 pages = {286--303},
 title = {Point Location in Arrangements of Hyperplanes},
 volume = {106},
 year = {1993}
}
